@Book{latex_zacatecnici,
author = "Rybička, Jiří",
title = "{\LaTeX} pro začátečníky",
publisher = "Konvoj",
year = "2003",
edition = "3",
address = "Brno",
isbn = "80-7302-049-1",
}

@Book{latex_guide,
author = "Kottwitz, Stefan",
title = "{\LaTeX} beginner's guide",
publisher = "Packt Publishing",
year = "2011",
edition = "1",
address = "Mumbai",
isbn = "978-184-7199-867",
}


@BachelorThesis{bibtex,
author = "Pyšný, Radek",
title = "BiBTeX styl pro ČSN ISO 690 a ČSN ISO 690-2",
school = "Vysoké učení technické, Fakulta informačních technologií",
address = "Brno",
year = "2009",
}

@MasterThesis{rozpoznavani,
author = "Mixa, Jan",
title = "Rozpoznávání textu z fotografií",
school = "Vysoké učení technické, Fakulta elektrotechniky a komunikačních technologií",
address = "Brno",
year = "2013",
}

@Misc{martinek,
author = "Martinek, David",
title = "Jak citovat jiné autory",
howpublished = "online",
revised = "{\copyright}2005, poslední změna 24. 2. 2008",
cited = "2014-04-23",
url = "http://www.fit.vutbr.cz/{\verb|~|}martinek/latex/citace.html",
}

@Misc{getting,
author = "David, Wilkins",
title = "Getting Started with {\LaTeX}",
howpublished = "online",
revised = "{\copyright}1995",
cited = "2014-04-23",
url = "http://www.maths.tcd.ie/{\verb|~|}dwilkins/LaTeXPrimer/",
}

@Misc{tex,
author = "Brabec, Stanislav",
title = "{\TeX} pro každého -- stručný úvod do typografie",
howpublished = "online",
revised = "{\copyright}2002",
cited = "2014-04-23",
url = "http://www.root.cz/clanky/strucny-uvod-do-typografie/",
}

@Misc{typo,
title = "Typo",
subtitle = "typografie, grafický design, vizuální komunikace",
note = "Praha: Svět tisku, 2003-2012. ISSN 1214-0716. 4x ročně.",
}


@Article{typografia,
author = "Böhmová, Jitka",
title = "Používané papíry v tiskárnách",
journal = "Typografia",
volume = "116",
year = "2013",
number = "5",
pages = "5",
issn = "0322-9068",
}

@Article{typo2,
author = "Noga, Pavel",
title = "Odpovědnost v grafickém designu",
journal = "Typo",
volume = "2010",
year = "2010",
number = "39",
pages = "7-8",
issn = "1214-716",
}
